<record><leader>00000cas a22000007a 4500</leader><controlfield tag="001">39760896</controlfield><controlfield tag="008">980828d196u1973tnuwr ne      0    0eng d</controlfield><datafield ind1=" " ind2=" " tag="010"><subfield code="a">sn 98069858 </subfield></datafield><datafield ind1=" " ind2=" " tag="040"><subfield code="a">TGN</subfield><subfield code="b">eng</subfield><subfield code="c">TGN</subfield><subfield code="d">OCLCQ</subfield><subfield code="d">OCLCF</subfield><subfield code="d">OCLCO</subfield></datafield><datafield ind1="1" ind2=" " tag="029"><subfield code="a">AU@</subfield><subfield code="b">000014197144</subfield></datafield><datafield ind1=" " ind2=" " tag="042"><subfield code="a">msc</subfield></datafield><datafield ind1=" " ind2=" " tag="043"><subfield code="a">n-us-tn</subfield></datafield><datafield ind1="0" ind2="4" tag="245"><subfield code="a">The Munford star.</subfield></datafield><datafield ind1="1" ind2=" " tag="246"><subfield code="i">Issue for Dec. 26, 1968 has title:</subfield><subfield code="a">Christmas star</subfield></datafield><datafield ind1=" " ind2=" " tag="260"><subfield code="a">Munford, Tenn. :</subfield><subfield code="b">Star Pub. Co.</subfield></datafield><datafield ind1=" " ind2=" " tag="300"><subfield code="a">v.</subfield></datafield><datafield ind1=" " ind2=" " tag="310"><subfield code="a">Weekly</subfield></datafield><datafield ind1="1" ind2=" " tag="362"><subfield code="a">Ceased in Aug. 1973.</subfield></datafield><datafield ind1=" " ind2=" " tag="580"><subfield code="a">Merged with: Millington star (Millington, Tenn. : 1951), Germantown star, Raleigh-Bartlett star, Frayser north Memphis star, Whitehaven Southaven star, and: Collierville star, to form: Millington Shelby star.</subfield></datafield><datafield ind1=" " ind2=" " tag="588"><subfield code="a">Description based on: Vol. 4, no. 1 (Jan. 4, 1968).</subfield></datafield><datafield ind1=" " ind2="0" tag="651"><subfield code="a">Munford (Tenn.)</subfield><subfield code="v">Newspapers.</subfield></datafield><datafield ind1=" " ind2="0" tag="651"><subfield code="a">Tipton County (Tenn.)</subfield><subfield code="v">Newspapers.</subfield></datafield><datafield ind1=" " ind2="7" tag="655"><subfield code="a">Newspapers.</subfield><subfield code="2">fast</subfield><subfield code="0">(OCoLC)fst01423814</subfield></datafield><datafield ind1=" " ind2="7" tag="651"><subfield code="a">Tennessee</subfield><subfield code="z">Munford.</subfield><subfield code="2">fast</subfield><subfield code="0">(OCoLC)fst01299985</subfield></datafield><datafield ind1=" " ind2="7" tag="651"><subfield code="a">Tennessee</subfield><subfield code="z">Tipton County.</subfield><subfield code="2">fast</subfield><subfield code="0">(OCoLC)fst01228856</subfield></datafield><datafield ind1=" " ind2=" " tag="752"><subfield code="a">United States</subfield><subfield code="b">Tennessee</subfield><subfield code="c">Tipton</subfield><subfield code="d">Munford.</subfield></datafield><datafield ind1="1" ind2="7" tag="785"><subfield code="t">Millington star (Millington, Tenn. : 1951)</subfield><subfield code="w">(DLC)sn 89058094</subfield></datafield><datafield ind1="1" ind2="7" tag="785"><subfield code="t">Germantown star</subfield><subfield code="w">(DLC)sn 98069852</subfield></datafield><datafield ind1="1" ind2="7" tag="785"><subfield code="t">Raleigh-Bartlett star</subfield><subfield code="w">(DLC)sn 98069859</subfield></datafield><datafield ind1="1" ind2="7" tag="785"><subfield code="t">Frayser north Memphis star</subfield><subfield code="w">(DLC)sn 98069861</subfield></datafield><datafield ind1="1" ind2="7" tag="785"><subfield code="t">Whitehaven Southaven star</subfield><subfield code="w">(DLC)sn 99065835</subfield></datafield><datafield ind1="1" ind2="7" tag="785"><subfield code="t">Collierville star</subfield><subfield code="w">(DLC)sn 98069898</subfield></datafield><datafield ind1="1" ind2="7" tag="785"><subfield code="t">Millington Shelby star</subfield><subfield code="w">(DLC)sn 98069752</subfield></datafield></record>